@article{biau2016,
  author  = {Biau, Gérard and Scornet, Erwan},
  title   = {A Random Forest Guided Tour},
  journal = {TEST},
  volume  = {25},
  pages   = {197--227},
  year    = {2016}
}

@book{breiman1984,
  author    = {Breiman, Leo and Friedman, Jerome H. and Olshen, Richard A. and Stone, Charles J.},
  title     = {Classification and Regression Trees},
  publisher = {Chapman \& Hall/CRC},
  year      = {1984},
  address   = {Boca Raton}
}

@article{chipman2010,
  author  = {Chipman, Hugh A. and George, Edward I. and McCulloch, Robert E.},
  title   = {BART: Bayesian additive regression trees},
  journal = {The Annals of Applied Statistics},
  volume  = {4},
  number  = {1},
  pages   = {266--298},
  year    = {2010}
}

@book{condorcet1785,
  author  = {Marquis de Condorcet},
  title   = {Essai sur l'application de l'analyse à la probabilité des décisions rendues à la pluralité des voix},
  publisher = {De l'Impr. royale},
  year    = {1785},
  address = {Paris}
}

@book{hastie2021,
  author    = {James, Gareth and Witten, Daniela and Hastie, Trevor and Tibshirani, Robert},
  title     = {An Introduction to Statistical Learning with Applications in R (Second Edition)},
  publisher = {Springer},
  year      = {2021}
}

@article{tan2019,
  author  = {Tan, Y. V. and Roy, J.},
  title   = {Bayesian additive regression trees and the General BART model},
  journal = {Statistics in Medicine},
  volume  = {38},
  number  = {25},
  pages   = {5048--5069},
  year    = {2019}
}
