@article{Glasserman2005,
 author = {Paul Glasserman and Jingyi Li},
 journal = {Management Science},
 number = {11},
 pages = {1643--1656},
 publisher = {INFORMS},
 title = {Importance Sampling for Portfolio Credit Risk},
 urldate = {2024-04-30},
 volume = {51},
 year = {2005}
}


@book{Doucet2001,
  editor    = {Arnaud Doucet and
               Nando de Freitas and
               Neil J. Gordon},
  title     = {Sequential Monte Carlo Methods in Practice},
  series    = {Statistics for Engineering and Information Science},
  publisher = {Springer},
  year      = {2001}
}

@article{Herbst2014,
author = {Herbst, Edward and Schorfheide, Frank},
title = {SEQUENTIAL MONTE CARLO SAMPLING FOR DSGE MODELS},
journal = {Journal of Applied Econometrics},
volume = {29},
number = {7},
pages = {1073-1098},
year = {2014}
}

@article{Neil2001,
  title={Annealed importance sampling},
  author={Neal, Radford M},
  journal={Statistics and computing},
  volume={11},
  pages={125--139},
  year={2001},
  publisher={Springer}
}


